<?xml version="1.0" encoding="UTF-8"?><record xmlns="http://www.loc.gov/MARC21/slim" xmlns:cinclude="http://apache.org/cocoon/include/1.0" xmlns:zs="http://www.loc.gov/zing/srw/">
  <leader>00537cz  a2200145n  4500</leader>
  <controlfield tag="001">n  96022452 </controlfield>
  <controlfield tag="003">DLC</controlfield>
  <controlfield tag="005">19960311174741.3</controlfield>
  <controlfield tag="008">960308n| acacbaaa|          |n ana |||  </controlfield>
  <datafield tag="010" ind1=" " ind2=" ">
    <subfield code="a">n  96022452 </subfield>
  </datafield>
  <datafield tag="040" ind1=" " ind2=" ">
    <subfield code="a">DLC</subfield>
    <subfield code="c">DLC</subfield>
    <subfield code="d">DLC</subfield>
  </datafield>
  <datafield tag="130" ind1=" " ind2="0">
    <subfield code="a">Biodiversity Support Program publication series</subfield>
  </datafield>
  <datafield tag="643" ind1=" " ind2=" ">
    <subfield code="a">Washington, D.C.</subfield>
    <subfield code="b">Biodiversity Support Program</subfield>
  </datafield>
  <datafield tag="667" ind1=" " ind2=" ">
    <subfield code="a">Give as a quoted note</subfield>
  </datafield>
  <datafield tag="670" ind1=" " ind2=" ">
    <subfield code="a">Sustainable harvest of non-timber plant resources in tropical moist forest, c1994:</subfield>
    <subfield code="b">P. 4 of cover (Biodiversity Support Program publication series)</subfield>
  </datafield>
</record>